<record><leader>00000cas a22000007a 4500</leader><controlfield tag="001">65210575</controlfield><controlfield tag="008">060327d195419uuvauwr ne      0    0eng d</controlfield><datafield ind1=" " ind2=" " tag="010"><subfield code="a">sn2006060566</subfield></datafield><datafield ind1=" " ind2=" " tag="040"><subfield code="a">NVK</subfield><subfield code="b">eng</subfield><subfield code="c">NVK</subfield><subfield code="d">OCLCQ</subfield><subfield code="d">OCLCF</subfield><subfield code="d">OCLCO</subfield></datafield><datafield ind1="1" ind2=" " tag="029"><subfield code="a">AU@</subfield><subfield code="b">000040188868</subfield></datafield><datafield ind1=" " ind2=" " tag="042"><subfield code="a">msc</subfield></datafield><datafield ind1=" " ind2=" " tag="043"><subfield code="a">n-us-va</subfield></datafield><datafield ind1="0" ind2="4" tag="245"><subfield code="a">The Peninsula courier.</subfield></datafield><datafield ind1=" " ind2=" " tag="260"><subfield code="a">Yorktown, Va. :</subfield><subfield code="b">J.M.C. Duke</subfield></datafield><datafield ind1=" " ind2=" " tag="310"><subfield code="a">Weekly</subfield></datafield><datafield ind1="1" ind2=" " tag="362"><subfield code="a">Began in 1954.</subfield></datafield><datafield ind1=" " ind2=" " tag="500"><subfield code="a">"Serving the counties between Richmond and Hampton Roads."</subfield></datafield><datafield ind1=" " ind2=" " tag="515"><subfield code="a">For a limited time published biweekly.</subfield></datafield><datafield ind1=" " ind2=" " tag="588"><subfield code="a">Description based on: Vol. 1, no. 12 (July 22, 1954).</subfield></datafield><datafield ind1=" " ind2="0" tag="651"><subfield code="a">Yorktown (Va.)</subfield><subfield code="v">Newspapers.</subfield></datafield><datafield ind1=" " ind2="0" tag="651"><subfield code="a">New Kent County (Va.)</subfield><subfield code="v">Newspapers.</subfield></datafield><datafield ind1=" " ind2="0" tag="651"><subfield code="a">James City County (Va.)</subfield><subfield code="v">Newspapers.</subfield></datafield><datafield ind1=" " ind2="0" tag="651"><subfield code="a">York County (Va.)</subfield><subfield code="v">Newspapers.</subfield></datafield><datafield ind1=" " ind2="7" tag="655"><subfield code="a">Newspapers.</subfield><subfield code="2">fast</subfield><subfield code="0">(OCoLC)fst01423814</subfield></datafield><datafield ind1=" " ind2="7" tag="651"><subfield code="a">Virginia</subfield><subfield code="z">James City County.</subfield><subfield code="2">fast</subfield><subfield code="0">(OCoLC)fst01220858</subfield></datafield><datafield ind1=" " ind2="7" tag="651"><subfield code="a">Virginia</subfield><subfield code="z">New Kent County.</subfield><subfield code="2">fast</subfield><subfield code="0">(OCoLC)fst01211876</subfield></datafield><datafield ind1=" " ind2="7" tag="651"><subfield code="a">Virginia</subfield><subfield code="z">York County.</subfield><subfield code="2">fast</subfield><subfield code="0">(OCoLC)fst01206184</subfield></datafield><datafield ind1=" " ind2="7" tag="651"><subfield code="a">Virginia</subfield><subfield code="z">Yorktown.</subfield><subfield code="2">fast</subfield><subfield code="0">(OCoLC)fst01205034</subfield></datafield><datafield ind1=" " ind2=" " tag="752"><subfield code="a">United States</subfield><subfield code="b">Virginia</subfield><subfield code="c">York</subfield><subfield code="d">Yorktown.</subfield></datafield></record>